@article{1960jiguang,
  title={Stimulated Optical Radiation in Ruby},
  author={T. H. MAIMAN},
  journal={Nature},
  volume={187},
  pages={493--494},
  year={1960},
  publisher={Nature Publishing Group UK London}
}
@article{2019GM,
  title={Nobel Lecture: Extreme light physics and application},
  author={Mourou, Gerard},
  journal={Reviews of Modern Physics},
  volume={91},
  pages={030501},
  year={2019},
  publisher={APS}
}
@article{2021jiguang,
  title={Realization of laser intensity over $ 10^{23}~\mathrm{W/cm^{2}}$},
  author={Yoon, Jin Woo and Kim, Yeong Gyu and Choi, Il Woo and Sung, Jae Hee and Lee, Hwang Woon and Lee, Seong Ku and Nam, Chang Hee},
  journal={Optica},
  volume={8},
  pages={630--635},
  year={2021},
  publisher={Optica Publishing Group}
}
@article{2018SEL,
    author = {Edwin Cartlidge },
    title = {The light fantastic},
    journal = {Science},
    volume = {359},
    pages = {382-385},
    year = {2018},
}
@article{2015Apollon,
  title={Design and current progress of the Apollon 10 PW project},
  author={Zou, Ji-Ping and Le Blanc, Catherine and Papadopoulos, Dimitrios N and Ch{\'e}riaux, Gilles and Georges, Patrick and Mennerat, G and Druon, Fr{\'e}d{\'e}ric and Lecherbourg, Ludovic and Pellegrina, Alain and Ramirez, Patricia and others},
  journal={High Power Laser Science and Engineering},
  volume={3},
  pages={e2},
  year={2015},
  publisher={Cambridge University Press}
}
@article{2018ELI,
  title={The extreme light infrastructure—nuclear physics (ELI-NP) facility: new horizons in physics with 10 PW ultra-intense lasers and 20 MeV brilliant gamma beams},
  author={Gales, S and Tanaka, KA and Balabanski, DL and Negoita, F and Stutman, D and Tesileanu, O and Ur, CA and Ursescu, D and Andrei, I and Ataman, S and others},
  journal={Reports on Progress in Physics},
  volume={81},
  pages={094301},
  year={2018},
  publisher={IOP Publishing}
}
@article{2019OP,
  title={Technology development for ultraintense all-OPCPA systems},
  author={Bromage, J and Bahk, S-W and Begishev, IA and Dorrer, C and Guardalben, MJ and Hoffman, BN and Oliver, JB and Roides, RG and Schiesser, EM and Shoup Iii, MJ and others},
  journal={High Power Laser Science and Engineering},
  volume={7},
  pages={e4},
  year={2019},
  publisher={Cambridge University Press}
}
@article{2020jiguan,
  title={Radiation reaction in electron--beam interactions with high-intensity lasers},
  author={Blackburn, TG},
  journal={Reviews of Modern Plasma Physics},
  volume={4},
  pages={5},
  year={2020},
  publisher={Springer}
}
@article{2019jiguan,
  title={Achieving extreme light intensities using optically curved relativistic plasma mirrors},
  author={Vincenti, Henri},
  journal={Physical review letters},
  volume={123},
  pages={105001},
  year={2019},
  publisher={APS}
}
@article{2006dzheng,
  title={Nonlinear collective effects in photon-photon and photon-plasma interactions},
  author={Marklund, Mattias and Shukla, Padma K},
  journal={Reviews of modern physics},
  volume={78},
  pages={591},
  year={2006},
  publisher={APS}
}
@article{2012zheng,
  title={Extremely high-intensity laser interactions with fundamental quantum systems},
  author={Di Piazza, A and M{\"u}ller, C and Hatsagortsyan, KZ and Keitel, Ch H},
  journal={Reviews of Modern Physics},
  volume={84},
  pages={1177},
  year={2012},
  publisher={APS}
}
@article{2018zheng,
  title={Multi-GeV electron-positron beam generation from laser-electron scattering},
  author={Vranic, Marija and Klimo, Ondrej and Korn, Georg and Weber, Stefan},
  journal={Scientific reports},
  volume={8},
  pages={4702},
  year={2018},
  publisher={Nature Publishing Group UK London}
}

@article{2022zheng,
  title={Charged particle motion and radiation in strong electromagnetic fields},
  author={Gonoskov, A and Blackburn, TG and Marklund, M and Bulanov, SS},
  journal={Reviews of Modern Physics},
  volume={94},
  pages={045001},
  year={2022},
  publisher={APS}
}
@article{2018Compton,
  title={Benchmarking semiclassical approaches to strong-field QED: Nonlinear Compton scattering in intense laser pulses},
  author={Blackburn, Tom G and Seipt, Daniel and Bulanov, Stepan S and Marklund, Mattias},
  journal={Physics of Plasmas},
  volume={25},
  pages = {083108},
  year={2018},
  publisher={AIP Publishing}
}
@book{2010wei,
  title={High power laser-matter interaction},
  author={Mulser, Peter and Bauer, Dieter},
  volume={238},
  year={2010},
  publisher={Springer}
}
@article{1974zi,
  title={Self-modulation and self-focusing of electromagnetic waves in plasmas},
  author={Max, Claire Ellen and Arons, Jonathan and Langdon, A Bruce},
  journal={Physical Review Letters},
  volume={33},
  pages={209},
  year={1974},
  publisher={APS}
}
@article{1995zi,
  title={Experimental demonstration of relativistic self-channeling of a multiterawatt laser pulse in an underdense plasma},
  author={Monot, P and Auguste, T and Gibbon, Paul and Jakober, F and Mainfray, G and Dulieu, Av and Louis-Jacquet,  Malka and Malka, G and Miquel, JL},
  journal={Physical Review Letters},
  volume={74},
  pages={2953},
  year={1995},
  publisher={APS}
}
@article{1928s,
  title={The quantum theory of the electron},
  author={Dirac, Paul Adrien Maurice},
  journal={Proceedings of the Royal Society of London. Series A, Containing Papers of a Mathematical and Physical Character},
  volume={117},
  pages={610--624},
  year={1928},
  publisher={The Royal Society London}
}
@article{1931s,
  title={{\"U}ber das Verhalten eines Elektrons im homogenen elektrischen Feld nach der relativistischen Theorie Diracs},
  author={Sauter, Fritz},
  journal={Zeitschrift f{\"u}r Physik},
  volume={69},
  pages={742--764},
  year={1931},
  publisher={Springer}
}
@article{1933s,
  title={The positive electron},
  author={Anderson, Carl D},
  journal={Physical Review},
  volume={43},
  pages={491},
  year={1933},
  publisher={APS}
}
@article{1936s,
  title={Folgerungen aus der diracschen theorie des positrons},
  author={Heisenberg, Werner and Euler, Heinrich},
  journal={Zeitschrift f{\"u}r Physik},
  volume={98},
  pages={714--732},
  year={1936},
  publisher={Springer}
}
@article{1951s,
  title={On gauge invariance and vacuum polarization},
  author={Schwinger, Julian},
  journal={Physical Review},
  volume={82},
  pages={664},
  year={1951},
  publisher={APS}
}
@article{2015f,
  title={Direct sampling of electric-field vacuum fluctuations},
  author={Riek, Claudius and Seletskiy, Denis V and Moskalenko, Andrey S and Schmidt, JF and Krauspe, Philipp and Eckart, Sebastian and Eggert, Stefan and Burkard, Guido and Leitenstorfer, Alfred},
  journal={Science},
  volume={350},
  pages={420--423},
  year={2015},
  publisher={American Association for the Advancement of Science}
}
@article{1996BW,
  title={Observation of nonlinear effects in Compton scattering},
  author={Bula, C and McDonald, KT and Prebys, EJ and Bamber, C and Boege, S and Kotseroglou, T and Melissinos, AC and Meyerhofer, DD and Ragg, W and Burke, DL and others},
  journal={Physical Review Letters},
  volume={76},
  pages={3116},
  year={1996},
  publisher={APS}
}
@article{2010BH,
  title={Relativistic quasimonoenergetic positron jets from intense laser-solid interactions},
  author={Chen, Hui and Wilks, SC and Meyerhofer, DD and Bonlie, J and Chen, CD and Chen, SN and Courtois, C and Elberson, L and Gregori, G and Kruer, W and others},
  journal={Physical review letters},
  volume={105},
  pages={015003},
  year={2010},
  publisher={APS}
}
@incollection{2005L,
  title={Heisenberg--Euler effective Lagrangians: basics and extensions},
  author={Dunne, Gerald V},
  booktitle={From Fields to Strings: Circumnavigating Theoretical Physics: Ian Kogan Memorial Collection (In 3 Volumes)},
  pages={445--522},
  year={2005},
  publisher={World Scientific}
}
@inproceedings{2012L,
  title={The Heisenberg-Euler effective action: 75 years on},
  author={Dunne, Gerald V},
  booktitle={International Journal of Modern Physics: Conference Series},
  volume={14},
  pages={42--56},
  year={2012},
  organization={World Scientific}
}
@article{2008d,
  title={Dynamically assisted Schwinger mechanism},
  author={Sch{\"u}tzhold, Ralf and Gies, Holger and Dunne, Gerald},
  journal={Physical review letters},
  volume={101},
  pages={130404},
  year={2008},
  publisher={APS}
}
@article{2014as,
  title={Electron-positron pair production in a strong asymmetric laser electric field},
  author={Oluk, Obulkasim and Xie, Bai-Song and Bake, Muhmmad Ali and Dulat, Sayipjamal},
  journal={Frontiers of Physics},
  volume={9},
  pages={157--163},
  year={2014},
  publisher={Springer}
}
@article{2020as,
  title={Asymmetric pulse effects on pair production in polarized electric fields},
  author={Olugh, Obulkasim and Li, Zi-Liang and Xie, Bai-Song},
  journal={High Power Laser Science and Engineering},
  volume={8},
  pages={e38},
  year={2020},
  publisher={Cambridge University Press}
}
@article{2010c,
  title={Schwinger vacuum pair production in chirped laser pulses},
  author={Dumlu, Cesim K},
  journal={Physical Review D},
  volume={82},
  pages={045007},
  year={2010},
  publisher={APS}
}
@article{2013cj,
  title={Enhanced electron—positron pair creation by the frequency chirped laser pulse},
  author={Jiang, Min and Xie, Bai-Song and Sang, Hai-Bo and Li, Zi-Liang},
  journal={Chinese Physics B},
  volume={22},
  number={10},
  pages={100307},
  year={2013},
  publisher={IOP Publishing}
}
@article{2013cl,
  title={Enhanced electron-positron pair production of a vacuum in a strong laser pulse field by frequency variation},
  author={Li, Zi-Liang and Sang, Hai-Bo and Xie, Bai-Song},
  journal={Chinese Physics Letters},
  volume={30},
  pages={071201},
  year={2013},
  publisher={IOP Publishing}
}
@article{2017c,
  title={Enhanced electron--positron pair production by frequency chirping in one-and two-color laser pulse fields},
  author={Abdukerim, Nuriman and Li, Zi-Liang and Xie, Bai-Song},
  journal={Chinese Physics B},
  volume={26},
  number={2},
  pages={020301},
  year={2017},
  publisher={IOP Publishing}
}
@article{2019c,
  title={Pair production in differently polarized electric fields with frequency chirps},
  author={Olugh, Obulkasim and Li, Zi-Liang and Xie, Bai-Song and Alkofer, Reinhard},
  journal={Physical Review D},
  volume={99},
  pages={036003},
  year={2019},
  publisher={APS}
}
@article{2021cw,
  title={Effect of symmetrical frequency chirp on pair production},
  author={Wang, Kun and Hu, Xuehua and Dulat, Sayipjamal and Xie, Bai-Song},
  journal={Chinese Physics B},
  volume={30},
  pages={060204},
  year={2021},
  publisher={IOP Publishing}
}
@article{2020cm,
  title={Chirp effects on pair production in oscillating electric fields with spatial inhomogeneity},
  author={Ababekri, Mamutjan and Dulat, Sayipjamal and Xie, BS and Zhang, Jun},
  journal={Physics Letters B},
  volume={810},
  pages={135815},
  year={2020},
  publisher={Elsevier}
}
@article{2021cMM,
  title={Schwinger pair production in inhomogeneous electric fields with symmetrical frequency chirp},
  author={Mohamedsedik, Melike and Li, Lie-Juan and Xie, BS},
  journal={Physical Review D},
  volume={104},
  pages={016009},
  year={2021},
  publisher={APS}
}
@article{2021cL,
  title={Enhanced dynamically assisted pair production in spatial inhomogeneous electric fields with the frequency chirping},
  author={Li, Lie-Juan and Mohamedsedik, Melike and Xie, Bai-Song},
  journal={Physical Review D},
  volume={104},
  pages={036015},
  year={2021},
  publisher={APS}
}
@article{2023cMM,
  title={Phase effect on and symmetry of pair production in inhomogeneous electric fields with chirping},
  author={Mohamedsedik, Melike and Li, Lie-Juan and Wang, Li and Amat, Orkash and Hu, Li-Na and Xie, BS},
  journal={The European Physical Journal Plus},
  volume={138},
  pages={316},
  year={2023},
  publisher={Springer}
}
@article{2023ce,
  title={Efficient vacuum pair production in frequency chirped electric fields with spatiotemporal inhomogeneity},
  author={Osman, Emin and Bai, Jinhui and Chen, Zhaoyuan and Bake, Mamat Ali},
  journal={Results in Physics},
  volume={55},
  pages={107195},
  year={2023},
  publisher={Elsevier}
}
@article{2020cg,
  title={Electron-positron pair production in frequency modulated laser fields},
  author={Gong, C and Li, ZL and Xie, BS and Li, YJ},
  journal={Physical Review D},
  volume={101},
  pages={016008},
  year={2020},
  publisher={APS}
}
@article{2023cw,
  title={Enhancement of electron--positron pairs in combined potential wells with linear chirp frequency},
  author={Wang, Li and Li, Lie-Juan and Mohamedsedik, Melike and An, Rong and Li, Jing-Jing and Xie, Bo-Song and Zhang, Feng-Shou},
  journal={Chinese physics B},
  volume={32},
  pages={010301},
  year={2023},
  publisher={IOP Publishing}
}
@article{2023ch,
  title={Pair production in inhomogeneous electric fields with phase modulation},
  author={Hu, Li-Na and Amat, Orkash and Li, Lie-Juan and Mohamedsedik, Melike and Xie, BS},
  journal={Communications in Theoretical Physics},
  volume={75},
  pages={025102},
  year={2023},
  publisher={IOP Publishing}
}
@article{2017xie,
  title={Electron-positron pair production in ultrastrong laser fields},
  author={Xie, Bai Song and Li, Zi Liang and Tang, Suo},
  journal={Matter and Radiation at Extremes},
  volume={2},
  pages={225--242},
  year={2017},
  publisher={AIP Publishing}
}
@article{2001x,
  title={Pair production from vacuum at the focus of an X-ray free electron laser},
  author={Ringwald, Andreas},
  journal={Physics Letters B},
  volume={510},
  pages={107--116},
  year={2001},
  publisher={Elsevier}
}
@article{2009jiguang,
  title={Exploring high-intensity QED at ELI},
  author={Heinzl, Thomas and Ilderton, Anton},
  journal={The European Physical Journal D},
  volume={55},
  pages={359--364},
  year={2009},
  publisher={Springer}
}
@article{2014jiguang,
  title={A photon--photon collider in a vacuum hohlraum},
  author={Pike, OJ and Mackenroth, F and Hill, EG and Rose, SJ},
  journal={Nature Photonics},
  volume={8},
  number={6},
  pages={434--436},
  year={2014},
  publisher={Nature Publishing Group UK London}
}
@article{2009h,
  title={Momentum signatures for Schwinger pair production in short laser pulses with a subcycle structure},
  author={Hebenstreit, Florian and Alkofer, Reinhard and Dunne, Gerald V and Gies, Holger},
  journal={Physical review letters},
  volume={102},
  pages={150404},
  year={2009},
  publisher={APS}
}
@article{2011h,
  title={Particle self-bunching in the Schwinger effect in spacetime-dependent electric fields},
  author={Hebenstreit, Florian and Alkofer, Reinhard and Gies, Holger},
  journal={Physical review letters},
  volume={107},
  pages={180403},
  year={2011},
  publisher={APS}
}
@article{2022x,
  title={Enhancement effect of frequency chirp on vacuum electron-positron pair production in strong field br},
  author={Bai-Song, Xie and Lie-Juan, Li and Melike, Mohamedsedik and Li, Wang},
  journal={ACTA PHYSICA SINICA},
  volume={71},
  year={2022},
  publisher={CHINESE PHYSICAL SOC PO BOX 603, BEIJING 100080, PEOPLES R CHINA}
}
@article{1991B,
  title={Phase-space structure of the Dirac vacuum},
  author={Bialynicki-Birula, Iwo and Gornicki, Pawel and Rafelski, Johann},
  journal={Physical Review D},
  volume={44},
  pages={1825},
  year={1991},
  publisher={APS}
}
@article{2010h,
  title={Schwinger pair production in space-and time-dependent electric fields: Relating the Wigner formalism to quantum kinetic theory},
  author={Hebenstreit, Florian and Alkofer, Reinhard and Gies, Holger},
  journal={Physical Review D},
  volume={82},
  pages={105026},
  year={2010},
  publisher={APS}
}
@article{2020ck,
  title={Effect of time-dependent inhomogeneous magnetic fields on the particle momentum spectrum in electron-positron pair production},
  author={Kohlf{\"u}rst, Christian},
  journal={Physical Review D},
  volume={101},
  pages={096003},
  year={2020},
  publisher={APS}
}
@article{2021l,
  title={Study of pair production in inhomogeneous two-color electric fields using the computational quantum field theory},
  author={Li, ZL and Gong, C and Li, YJ},
  journal={Physical Review D},
  volume={103},
  pages={116018},
  year={2021},
  publisher={APS}
}
@article{2023O,
  title={Effect of spatially oscillating field on Schwinger pair production},
  author={Amat, Orkash and Hu, Li-Na and Bake, Mamat Ali and Mohamedsedik, Melike and Xie, BS},
  journal={Physical Review D},
  volume={108},
  number={5},
  pages={056011},
  year={2023},
  publisher={APS}
}
@article{2023hu,
  title={Momentum spirals in multiphoton pair production revisited},
  author={Hu, Li-Na and Amat, Orkash and Wang, Li and Sawut, Adiljan and Fan, Hong-Hao and Xie, BS},
  journal={Physical Review D},
  volume={107},
  number={11},
  pages={116010},
  year={2023},
  publisher={APS}
}
@article{2015ck,
  title={Electron-positron pair production in inhomogeneous electromagnetic fields},
  author={Kohlf{\"u}rst, Christian},
  journal={Ph.D. thesis,
University of Graz, arXiv:1512.06082},
  year={2015}
}
@article{1987v,
  title={Quantum transport theory for Abelian plasmas},
  author={Vasak, David and Gyulassy, Miklos and Elze, Hans-Thomas},
  journal={Annals of Physics},
  volume={173},
  number={2},
  pages={462--492},
  year={1987},
  publisher={Elsevier}
}
@article{2016b,
  title={Comparison of semiclassical and Wigner function methods in pair production in rotating fields},
  author={Blinne, Alexander and Strobel, Eckhard},
  journal={Physical Review D},
  volume={93},
  pages={025014},
  year={2016},
  publisher={APS}
}
@article{2011M,
  title={Momentum spectra for dynamically assisted Schwinger pair production},
  author={Orthaber, Markus and Hebenstreit, Florian and Alkofer, Reinhard},
  journal={Physics Letters B},
  volume={698},
  number={1},
  pages={80--85},
  year={2011},
  publisher={Elsevier}
}
@article{2018ck,
  title={Phase-space analysis of the Schwinger effect in inhomogeneous electromagnetic fields},
  author={Kohlf{\"u}rst, Christian},
  journal={The European Physical Journal Plus},
  volume={133},
  pages={191},
  year={2018},
  publisher={Springer Berlin Heidelberg}
}
@article{2014ck,
  title={Effective mass signatures in multiphoton pair production},
  author={Kohlf{\"u}rst, Christian and Gies, Holger and Alkofer, Reinhard},
  journal={Physical Review Letters},
  volume={112},
  pages={050402},
  year={2014},
  publisher={APS}
}